<record><leader>00000cas a2200000 a 4500</leader><controlfield tag="001">27927472</controlfield><controlfield tag="008">930415d18841920vtuwr ne      0    0eng d</controlfield><datafield ind1=" " ind2=" " tag="010"><subfield code="a">sn 93059273 </subfield></datafield><datafield ind1=" " ind2=" " tag="040"><subfield code="a">MGN</subfield><subfield code="b">eng</subfield><subfield code="c">MGN</subfield><subfield code="d">NVN</subfield><subfield code="d">OCLCQ</subfield><subfield code="d">OCLCO</subfield></datafield><datafield ind1=" " ind2=" " tag="042"><subfield code="a">msc</subfield></datafield><datafield ind1=" " ind2=" " tag="043"><subfield code="a">n-us-vt</subfield></datafield><datafield ind1="0" ind2=" " tag="130"><subfield code="a">Rutland weekly herald (Rutland, Vt. : 1884)</subfield></datafield><datafield ind1="1" ind2="0" tag="245"><subfield code="a">Rutland weekly herald.</subfield></datafield><datafield ind1="1" ind2="3" tag="246"><subfield code="a">Rutland herald</subfield></datafield><datafield ind1="1" ind2="3" tag="246"><subfield code="a">Rutland herald and globe</subfield></datafield><datafield ind1=" " ind2=" " tag="260"><subfield code="a">Rutland, Vt. :</subfield><subfield code="b">Herald and Globe Assoc.</subfield></datafield><datafield ind1=" " ind2=" " tag="300"><subfield code="a">v.</subfield></datafield><datafield ind1=" " ind2=" " tag="310"><subfield code="a">Weekly</subfield></datafield><datafield ind1="1" ind2=" " tag="362"><subfield code="a">Began in 1884; ceased June 24, 1920.</subfield></datafield><datafield ind1=" " ind2=" " tag="500"><subfield code="a">"Weekly" appears in the masthead ornament, &lt;1886-1888&gt;.</subfield></datafield><datafield ind1=" " ind2=" " tag="588"><subfield code="a">Description based on: Vol. 90, no. 31 (July 31, 1884).</subfield></datafield><datafield ind1=" " ind2="0" tag="651"><subfield code="a">Rutland (Vt.)</subfield><subfield code="v">Newspapers.</subfield></datafield><datafield ind1=" " ind2="0" tag="651"><subfield code="a">Rutland County</subfield><subfield code="v">Newspapers.</subfield></datafield><datafield ind1=" " ind2="0" tag="651"><subfield code="a">Vermont</subfield><subfield code="v">Newspapers.</subfield></datafield><datafield ind1=" " ind2=" " tag="752"><subfield code="a">United States</subfield><subfield code="b">Vermont</subfield><subfield code="c">Rutland</subfield><subfield code="d">Rutland.</subfield></datafield><datafield ind1="0" ind2=" " tag="775"><subfield code="t">Rutland daily herald (Rutland, Vt. : 1882)</subfield><subfield code="w">(DLC)sn 86071669</subfield><subfield code="w">(OCoLC)11902841</subfield></datafield><datafield ind1="0" ind2="0" tag="780"><subfield code="t">Rutland weekly herald &amp; globe</subfield><subfield code="w">(DLC)sn 86071667</subfield><subfield code="w">(OCoLC)13781932</subfield></datafield></record>